@inproceedings{he2016deep,
    title     = {Deep Residual Learning for Image Recognition},
    author    = {Kaiming He and Xiangyu Zhang and Shaoqing Ren and Jian Sun},
    booktitle = {Proceedings of the IEEE Conference on Computer Vision and Pattern Recognition},
    pages     = {770--778},
    year      = {2016},
    publisher = {IEEE},
    address   = {Las Vegas, NV, USA},
    url       = {\url{https://arxiv.org/abs/1512.03385}}
}

@article{perez2017effectiveness,
    title={The Effectiveness of Data Augmentation in Image Classification using Deep Learning},
    author={Perez, Luis and Wang, Juan},
    journal={arXiv preprint arXiv:1712.04621},
    year={2017},
    url={https://arxiv.org/abs/1712.04621}
}

@inproceedings{akiba2019optuna,
    title     = {Optuna: A Next-Generation Hyperparameter Optimization Framework},
    author    = {Takuya Akiba and Satoshi Sano and Tatsuya Yanase and Toshihiko Ohta and Masato Koyama},
    booktitle = {Proceedings of the 25th ACM SIGKDD International Conference on Knowledge Discovery and Data Mining},
    pages     = {2623--2631},
    year      = {2019},
    publisher = {ACM},
    address   = {Anchorage, AK, USA},
    url       = {\url{https://arxiv.org/abs/1907.10902}}
}

@article{simonyan2014very,
    title={Very Deep Convolutional Networks for Large-Scale Image Recognition},
    author={Simonyan, Karen and Zisserman, Andrew},
    journal={arXiv preprint arXiv:1409.1556},
    year={2014},
    url={https://arxiv.org/abs/1409.1556}
}

@inproceedings{zagoruyko2016wide,
    title={Wide Residual Networks},
    author={Zagoruyko, Sergey and Komodakis, Nikos},
    booktitle={Proceedings of the British Machine Vision Conference},
    year={2016},
    url={https://arxiv.org/abs/1605.07146}
}

@misc{openai2023chatgpt,
    author = {OpenAI},
    title = {ChatGPT: Optimizing Language Models for Dialogue},
    year = {2023},
    note = {Accessed: 2025-03-14}
}